<?xml version="1.0" encoding="UTF-8"?><collection xmlns="http://www.loc.gov/MARC21/slim"><record><leader>00580nam--2200181-i-4500</leader><controlfield tag="001">000028017</controlfield><controlfield tag="002">20161230</controlfield><controlfield tag="005">20161230201037</controlfield><controlfield tag="008">060222s1000------------r-----000-0-fre-d</controlfield><datafield ind1=" " ind2=" " tag="040"><subfield code="a">IFIN-HH</subfield></datafield><datafield ind1=" " ind2=" " tag="041"><subfield code="a">fre</subfield></datafield><datafield ind1=" " ind2=" " tag="080"><subfield code="a">539.12.162.8:539.171.112(043)</subfield></datafield><datafield ind1="1" ind2=" " tag="100"><subfield code="a">Legendre, Jean-francois</subfield></datafield><datafield ind1="1" ind2="0" tag="245"><subfield code="a">Conception et realisation d`un dispositif de selection en ligne des annihilations pour une experience pp a 100 gev</subfield><subfield code="b">These</subfield><subfield code="c">Jean-francois legendre</subfield></datafield><datafield ind1=" " ind2=" " tag="260"><subfield code="a">Orsay</subfield><subfield code="b">Universite Paris-sud</subfield><subfield code="c">1983</subfield></datafield><datafield ind1=" " ind2=" " tag="300"><subfield code="a">226P</subfield></datafield><datafield ind1=" " ind2=" " tag="852"><subfield code="a">72422</subfield><subfield code="c">539.12</subfield></datafield><datafield ind1=" " ind2=" " tag="CAT"><subfield code="a">Sys</subfield><subfield code="c">20120110</subfield><subfield code="h">171136</subfield></datafield></record></collection>